%% LaTeX2e file `refs.bib'
%% generated by the `filecontents' environment
%% from source `Week1' on 2022/04/06.
%%

 @misc{1,
  title  = "{Getting started with Raspberry Pi}",
  howpublished = "\url{https://projects.raspberrypi.org/en/projects/raspberry-pi-getting-started/}",
  note   = "Last accessed 2022-04-06",
}

 @misc{2,
  author = {Avram Piltch},
  year = {2021},
 title  = "{Raspberry Pi: Tutorials, Models, How to Get Started}",
 howpublished = "\url{https://www.tomshardware.com/uk/news/raspberry-pi}",
 note   = "Last accessed 2022-04-06",
}

 @misc{3,
 year = {2015},
 title  = "{Download Raspberry Pi 3 Model B GPIO 40 Pin Block Pinout}",
 howpublished = "\url{https://community.element14.com/products/raspberry-pi/m/files/17428}",
 note   = "Last accessed 2022-04-06",
}

